@misc{cheeseheadtvwebsite,
    author    = "Justis Mosqueda",
    title     = "Being Ted Thompson - Final Packers Draft Tendencies",
    url       = "https://cheeseheadtv.com/blog/being-ted-thompson-final-packers-draft-tendencies-update-357"
}

@misc{settingtheedgewebsite,
    author    = "Justis Mosqueda",
    title     = "What NFL Contracts Really Mean",
    url       = "http://settingedge.com/what-nfl-contracts-actually-mean"
}